@article{Simao:2015kk,
author = {Sim{\~a}o, Felipe A and Waterhouse, Robert M and Ioannidis, Panagiotis and Kriventseva, Evgenia V and Zdobnov, Evgeny M},
title = {{BUSCO: assessing genome assembly and annotation completeness with single-copy orthologs.}},
journal = {Bioinformatics},
year = {2015},
volume = {31},
number = {19},
pages = {3210--3212},
month = oct
}

@article{Zimin:2013kn,
author = {Zimin, Aleksey V and Mar{\c c}ais, Guillaume and Puiu, Daniela and Roberts, Michael and Salzberg, Steven L and Yorke, James A},
title = {{The MaSuRCA genome assembler.}},
journal = {Bioinformatics},
year = {2013},
volume = {29},
number = {21},
pages = {2669--2677},
month = nov
}

@article{Cock:2009hj,
author = {Cock, Peter J A and Antao, Tiago and Chang, Jeffrey T and Chapman, Brad A and Cox, Cymon J and Dalke, Andrew and Friedberg, Iddo and Hamelryck, Thomas and Kauff, Frank and Wilczynski, Bartek and de Hoon, Michiel J L},
title = {{Biopython: freely available Python tools for computational molecular biology and bioinformatics.}},
journal = {Bioinformatics},
year = {2009},
volume = {25},
number = {11},
pages = {1422--1423},
month = jun
}

@article{Li:2009ka,
author = {Li, Heng and Handsaker, Bob and Wysoker, Alec and Fennell, Tim and Ruan, Jue and Homer, Nils and Marth, Gabor and Abecasis, Goncalo and Durbin, Richard and {1000 Genome Project Data Processing Subgroup}},
title = {{The Sequence Alignment/Map format and SAMtools.}},
journal = {Bioinformatics},
year = {2009},
volume = {25},
number = {16},
pages = {2078--2079},
month = aug
}

@article{Li:2009fi,
author = {Li, Heng and Durbin, Richard},
title = {{Fast and accurate short read alignment with Burrows-Wheeler transform.}},
journal = {Bioinformatics},
year = {2009},
volume = {25},
number = {14},
pages = {1754--1760},
month = jul
}

@article{Liu:2012hh,
author = {Liu, Qi and Guo, Yan and Li, Jiang and Long, Jirong and Zhang, Bing and Shyr, Yu},
title = {{Steps to ensure accuracy in genotype and SNP calling from Illumina sequencing data.}},
journal = {BMC Genomics},
year = {2012},
volume = {13 Suppl 8},
pages = {S8--S8},
month = jan
}

@article{Li:2011cu,
author = {Li, Heng},
title = {{A statistical framework for SNP calling, mutation discovery, association mapping and population genetical parameter estimation from sequencing data.}},
journal = {Bioinformatics},
year = {2011},
volume = {27},
number = {21},
pages = {2987--2993},
month = nov
}

@article{Perez:2007hy,
author = {P{\'e}rez, F and Granger, B E},
title = {{IPython: A System for Interactive Scientific Computing}},
journal = {Computing in Science {\&} Engineering},
year = {2007},
volume = {9},
number = {3},
pages = {21--29},
month = mar
}

%% Created using Papers on Thu, 24 Dec 2015.
%% http://papersapp.com/papers/

@article{Roshyara:2014jd,
author = {Roshyara, Nab Raj and Kirsten, Holger and Horn, Katrin and Ahnert, Peter and Scholz, Markus},
title = {{Impact of pre-imputation SNP-filtering on genotype imputation results.}},
journal = {BMC Genetics},
year = {2014},
volume = {15},
number = {1},
pages = {88--88},
month = jan
}

@article{Yun:2014dn,
author = {Yun, Sajung and Yun, Sijung},
title = {{Masking as an effective quality control method for next-generation sequencing data analysis.}},
journal = {BMC Bioinformatics},
year = {2014},
volume = {15},
pages = {382--382},
month = jan
}

@article{Browning:2007ge,
author = {Browning, Sharon R and Browning, Brian L},
title = {{Rapid and Accurate Haplotype Phasing and Missing-Data Inference for Whole-Genome Association Studies By Use of Localized Haplotype Clustering}},
journal = {The American Journal of Human Genetics},
year = {2007},
volume = {81},
number = {5},
pages = {1084--1097},
month = jan
}

@article{COOP:2010ke,
author = {Coop, Graham and Witonsky, David and Di Rienzo, Anna and Pritchard, Jonathan K},
title = {{Using environmental correlations to identify loci underlying local adaptation.}},
journal = {Genetics},
year = {2010},
volume = {185},
number = {4},
pages = {1411--1423},
month = aug
}

@article{Guan:2011fv,
author = {Guan, Yongtao and Stephens, Matthew},
title = {{Bayesian variable selection regression for genome-wide association studies and other large-scale problems}},
journal = {Audio, Transactions of the IRE Professional Group on},
year = {2011},
pages = {--},
month = oct
}

@article{Gonzalez:2007gp,
author = {Gonz{\'a}lez, Juan R and Armengol, Llu{\'\i}s and Sol{\'e}, Xavier and Guin{\'o}, Elisabet and Mercader, Josep M and Estivill, Xavier and Moreno, V{\'\i}ctor},
title = {{SNPassoc: an R package to perform whole genome association studies.}},
journal = {Bioinformatics},
year = {2007},
volume = {23},
number = {5},
pages = {644--645},
month = mar
}

@misc{fastqc,
author={{Babraham Bioinformatics}},
title={Babraham Bioinformatics - FastQC A Quality Control tool for High Throughput Sequence Data},
url={http://www.bioinformatics.babraham.ac.uk/projects/fastqc/},
urldate={2015-12-24},
year={2015}
}

@article{Danecek:2011gz,
author = {Danecek, Petr and Auton, Adam and Abecasis, Goncalo and Albers, Cornelis A and Banks, Eric and DePristo, Mark A and Handsaker, Robert E and Lunter, Gerton and Marth, Gabor T and Sherry, Stephen T and McVean, Gilean and Durbin, Richard and {1000 Genomes Project Analysis Group}},
title = {{The variant call format and VCFtools.}},
journal = {Bioinformatics},
year = {2011},
volume = {27},
number = {15},
pages = {2156--2158},
month = aug
}

%% Created using Papers on Thu, 24 Dec 2015.
%% http://papersapp.com/papers/

@article{Price:2006cd,
author = {Price, Alkes L and Patterson, Nick J and Plenge, Robert M and Weinblatt, Michael E and Shadick, Nancy A and Reich, David},
title = {{Principal components analysis corrects for stratification in genome-wide association studies}},
journal = {Nature Genetics},
year = {2006},
volume = {38},
number = {8},
pages = {904--909},
month = jul
}

@article{Patterson:2006ki,
author = {Patterson, Nick and Price, Alkes L and Reich, David},
title = {{Population Structure and Eigenanalysis}},
journal = {PLoS Genetics},
year = {2006},
volume = {2},
number = {12},
pages = {e190}
}

@article{Goudet:2005kz,
author = {Goudet, J},
title = {{HIERFSTAT, a package for R to compute and test hierarchical F-statistics}},
journal = {Molecular Ecology Notes},
year = {2005},
volume = {5},
number = {1},
pages = {184--186},
month = mar
}

@article{PARCHMAN:2012ca,
author = {Parchman, Thomas L and Gompert, Zachariah and Mudge, Joann and Schilkey, Faye D and Benkman, Craig W and Buerkle, C Alex},
title = {{Genome-wide association genetics of an adaptive trait in lodgepole pine.}},
journal = {Molecular Ecology},
year = {2012},
volume = {21},
number = {12},
pages = {2991--3005},
month = jun
}

@article{Stanke:2003eo,
author = {Stanke, M and Waack, S},
title = {{Gene prediction with a hidden Markov model and a new intron submodel}},
journal = {Bioinformatics},
year = {2003},
volume = {19},
number = {Suppl 2},
pages = {ii215--ii225},
month = oct
}
